@book{react,
    title = "What is React",
    author = "Wikipedia, the free encyclopedia, 2022.",
    publisher = "Wikipedia, the free encyclopedia, 2022.",
    year = "[Online; accessed 17-February-2022]"
}

