@article{tournament,

    title = "Double elimination, Double-elimination tournament — Wikipedia, the free encyclopedia, 2022.",
    year = "[สืบค้นเมื่อ 4 ตุลาคม 2565]"

}

@article{javascript,

    title = "JavaScript, JavaScript — Wikipedia, the free encyclopedia, 2022.",
    year = "[สืบค้นเมื่อ 4 ตุลาคม 2565]"

}
@article{nest,

    title = "Nest, Nest Overview — nestjs.com",
    year = "[สืบค้นเมื่อ 4 ตุลาคม 2565]"

}
@article{typescript,

    title = "TypeScript, TypeScript Overview — www.typescriptlang.org",
    year = "[สืบค้นเมื่อ 4 ตุลาคม 2565]"

}
@article{postgresql,

    title = "PostgreSQL, What is PostgreSQL — www.postgresql.org/about",
    year = "[สืบค้นเมื่อ 4 ตุลาคม 2565]"

}
@article{firebase,

    title = "Firebase Cloud Storage, Cloud Storage for Firebase — firebase.google.com/docs/storage",
    year = "[สืบค้นเมื่อ 4 ตุลาคม 2565]"

}
@article{docker,

    title = "Docker, Docker Overview — docs.docker.com/get-started/overview/",
    year = "[สืบค้นเมื่อ 4 ตุลาคม 2565]"

}
@article{react,

    title = "React, React (JavaScript library) — Wikipedia, the free encyclopedia, 2022.",
    year = "[สืบค้นเมื่อ 4 ตุลาคม 2565]"

}
@article{uxlaw,

    title = "UX, Law of UX — lawsofux.com",
    year = "[สืบค้นเมื่อ 4 ตุลาคม 2565]"

}